@article{Facebook4JExample,
	Title = {Facebook4J website},
	Url = {http://facebook4j.org/en/code-examples.html}
}

@article{Twitter4JExample,
	Title = {Twitter4J website},
	Url = {http://twitter4j.org/en/code-examples.html}
}

@article{BeginningAndroidDataPersistence,
	Title = {Beginning Android 4 Application Development},
	author = {Wei-Meng Lee},
	pages = {263-291},
	year = 2012
}

@article{OkapiBM25Paper,
	author = {S E Robertson and S Walker and S Jones and M M Hancock-Beaulieu and M Gatford},
	Title = {Okapi at TREC-3},
	journal = {NIST},
	year = 1995
}
	
@article{FaginWimmers1,
	author = {Ronald Fain and Edward L. Wimmers},
	Title = {A formula for incorporating weights into scoring rules},
	journal = {Elsevier},
	year = 2000
}
	
@article{Ibm98allowingusers,
    author = {Ronald Fagin Ibm and Ronald Fagin and Yoelle S. Maarek},
    title = {Allowing Users to Weight Search Terms in Information Retrieval},
    booktitle = {IBM Research Report RJ 10108},
    year = {1998}
}

@article{ContentRecommenderPazzani,
    author = {Michael J. Pazzani and Daniel Billsus},
    title = {Content-Based Recommendation Systems},
    journal = {The Adaptive Web},
    pages = {325-341},
    year = {2007}
}

@article{CollaborativeRecommenderGoldberg,
    author = {D. Goldberg, D. Nichols, B. Oki and D. Terry},
    title = {Using Collaborative Filtering to Weave an Information Tapestry},
    journal = {ACM35},
    pages = {61-70},
    year = {1992}
}

@article{ReferralWeb,
    author = {Henry Kauts and Bart Selman and Mehul Shah},
    title = {ReferralWeb: Combining Social Networks and Collaborative Filtering},
    journal = {ACM40},
    pages = {61-70},
    year = {1997}
}

@article{SenTagommender,
    author = {S. Sen, J. Vig, and J. Riedl},
    title = {Tagommenders: Connecting Ysers to Items through Tags},
    journal = {WWW 2009},
    pages = {61-70},
    year = {2009}
}